<collection xmlns="http://www.loc.gov/MARC21/slim">
<record>
  <leader>01313nam0a2200277 i 450 </leader>
  <controlfield tag="001">IT\ICCU\CNCE\009870</controlfield>
  <controlfield tag="005">20060906000000.0</controlfield>
  <datafield tag="012" ind1=" " ind2=" ">
    <subfield code="a">usn- vtus umod Gast (C) 1561 (A)</subfield>
    <subfield code="2">fei</subfield>
  </datafield>
  <datafield tag="100" ind1=" " ind2=" ">
    <subfield code="a">19970101d1561        0itac0103    ba</subfield>
  </datafield>
  <datafield tag="101" ind1=" " ind2=" ">
    <subfield code="a">LAT</subfield>
  </datafield>
  <datafield tag="102" ind1=" " ind2=" ">
    <subfield code="a">IT</subfield>
  </datafield>
  <datafield tag="200" ind1="1" ind2=" ">
    <subfield code="a">℗Ferdinandi Cassani ℗Quaestiones duae quarum altera est quod sanguis et pituita in venis sanorum corporum, actu sit, potentia humores alii. Altera vero quod sedimentum sanorum &amp;aegrorum eiusdem sit speciei</subfield>
  </datafield>
  <datafield tag="210" ind1=" " ind2=" ">
    <subfield code="a">Neapoli</subfield>
    <subfield code="c">apud Gio. Mariam Scottum</subfield>
    <subfield code="d">1561</subfield>
  </datafield>
  <datafield tag="215" ind1=" " ind2=" ">
    <subfield code="a">\55! c.</subfield>
    <subfield code="d">8ʻ</subfield>
  </datafield>
  <datafield tag="620" ind1=" " ind2=" ">
    <subfield code="a">IT</subfield>
    <subfield code="d">Napoli</subfield>
  </datafield>
  <datafield tag="700" ind1=" " ind2="1">
    <subfield code="a">Cassano,</subfield>
    <subfield code="b">Ferdinando</subfield>
    <subfield code="3">IT\ICCU\CNCA\002739</subfield>
  </datafield>
  <datafield tag="712" ind1="0" ind2="0">
    <subfield code="a">Scoto, Giovanni Maria</subfield>
    <subfield code="3">IT\ICCU\CNCT\000524</subfield>
    <subfield code="4">650</subfield>
  </datafield>
  <datafield tag="791" ind1="0" ind2="0">
    <subfield code="a">Scotto, Giovanni Maria</subfield>
    <subfield code="3">IT\ICCU\CNCT\004086</subfield>
    <subfield code="z">Scoto, Giovanni Maria</subfield>
  </datafield>
  <datafield tag="791" ind1="0" ind2="0">
    <subfield code="a">Scotus, Ioannes Maria</subfield>
    <subfield code="3">IT\ICCU\CNCT\005626</subfield>
    <subfield code="z">Scoto, Giovanni Maria</subfield>
  </datafield>
  <datafield tag="791" ind1="0" ind2="0">
    <subfield code="a">Scottus, Joannes Maria</subfield>
    <subfield code="3">IT\ICCU\CNCT\005627</subfield>
    <subfield code="z">Scoto, Giovanni Maria</subfield>
  </datafield>
  <datafield tag="791" ind1="0" ind2="0">
    <subfield code="a">Scotti, Giovanni Maria</subfield>
    <subfield code="3">IT\ICCU\CNCT\005628</subfield>
    <subfield code="z">Scoto, Giovanni Maria</subfield>
  </datafield>
  <datafield tag="801" ind1=" " ind2="3">
    <subfield code="a">IT</subfield>
    <subfield code="b">ICCU</subfield>
    <subfield code="c">20201113</subfield>
  </datafield>
  <datafield tag="899" ind1=" " ind2=" ">
    <subfield code="a">Biblioteca civica A. Mai. Bergamo</subfield>
    <subfield code="1">BG0026</subfield>
    <subfield code="2">LO1 02</subfield>
  </datafield>
  <datafield tag="899" ind1=" " ind2=" ">
    <subfield code="a">Biblioteca statale. Cremona</subfield>
    <subfield code="1">CR0062</subfield>
    <subfield code="2">LO1 28</subfield>
  </datafield>
  <datafield tag="899" ind1=" " ind2=" ">
    <subfield code="a">Biblioteca nazionale Braidense. Milano</subfield>
    <subfield code="1">MI0185</subfield>
    <subfield code="2">MIL NB</subfield>
  </datafield>
  <datafield tag="899" ind1=" " ind2=" ">
    <subfield code="a">Biblioteca Lancisiana. Roma</subfield>
    <subfield code="1">RM0260</subfield>
    <subfield code="2">RMS H8</subfield>
  </datafield>
</record>
</collection>
